@article{jungblut:aco,
author = "Jungblut, Thomas",
title = "Ant Colony Optimization for TSP Problems",
year = "2011",
url = "http://codingwiththomas.blogspot.com/2011/08/ant-colony-optimization-for-tsp.html" }

@article{ipcsit:aco,
title = "An Ant Colony Optimization Algorithm for Solving Traveling Salesman Problem",
author = "Hlaing, Zar Chi Su Su and Khine, May Aye",
year = "2011",
journal = "International Proceedings of Computer Science and Information Technology",
volume = "16",
url = "http://www.ipcsit.com/vol16/11-ICICM2011M029.pdf" }

@article{iridia:aco,
title = "Ant Colonies for the Traveling Salesman Problem",
author = "Dorigo, Marco and Gambardella, Luca Maria",
journal = "Istituto Dalle Molle di Studi sull'Intelligenza Artificiale",
year = "1996",
volume = "3",
url = "http://www.idsia.ch/~luca/acs-bio97.pdf" }

@misc{youtube:aco,
title  = "Ant Colony Optimization on Traveling Salesman Problem",
author = "Guerin, Stephen",
month = "January",
year = "2011",
howpublished = "Web",
note = "Youtube Video",
url = "http://www.youtube.com/watch?v=QZnvRXRsHHg" }

@article{mis:aco,
title = "Solving the Travelling Salesman Problem Using the Ant Colony Optimization",
author = "Brezina Jr., Ivan and \v{C}i\v{c}kov\'{a}, Zuzana",
journal = "Management Information Systems",
volume = "6",
number = "4",
year = "2011",
month = "September",
url = "http://www.ef.uns.ac.rs/mis/archive-pdf/2011%20-%20No4/MIS2011_4_2.pdf" }

@misc{dorigo,
title = "About Ant Colony Optimization",
author = "Montes de Oca, Marco A.",
month = "January",
year = "2010",
howpublished = "Web",
url = "http://iridia.ulb.ac.be/~mdorigo/ACO/about.html" }